
@inproceedings{Ene,
	address = {Napa Valley, California, {USA}},
	title = {Energy-efficient skyline query processing and maintenance in sensor networks},
	url = {zotero://attachment/188/},
	doi = {10.1145/1458082.1458339},
	booktitle = {Proceeding of the 17th {ACM} conference on Information and knowledge mining - {CIKM} '08},
	author = {Liang, Weifa and Chen, Baichen and Yu, Jeffrey Xu},
	year = {2008},
	pages = {1471}
}