
@article{xue_maximizing_2005,
	title = {Maximizing Lifetime for Data Aggregation in Wireless Sensor Networks},
	volume = {10},
	issn = {{1383-469X}},
	url = {http://www.springerlink.com/index/10.1007/s11036-005-4443-7},
	doi = {10.1007/s11036-005-4443-7},
	number = {6},
	journal = {Mobile Networks and Applications},
	author = {Xue, Yuan and Cui, Yi and Nahrstedt, Klara},
	month = oct,
	year = {2005},
	pages = {853--864}
}